<record><leader>00000cas a2200000 a 4500</leader><controlfield tag="001">12234180</controlfield><controlfield tag="008">850705d18941904ksuwr ne      0    0eng d</controlfield><datafield ind1=" " ind2=" " tag="010"><subfield code="a">sn 85031547 </subfield></datafield><datafield ind1=" " ind2=" " tag="040"><subfield code="a">KSH</subfield><subfield code="b">eng</subfield><subfield code="c">KSH</subfield><subfield code="d">NPT</subfield><subfield code="d">OCL</subfield><subfield code="d">CRL</subfield><subfield code="d">OCLCQ</subfield></datafield><datafield ind1=" " ind2=" " tag="042"><subfield code="a">msc</subfield></datafield><datafield ind1="0" ind2=" " tag="130"><subfield code="a">Parsons weekly sun (Parsons, Kan. : 1894)</subfield></datafield><datafield ind1="1" ind2="4" tag="245"><subfield code="a">The Parsons weekly sun.</subfield></datafield><datafield ind1=" " ind2=" " tag="260"><subfield code="a">Parsons, Kan. :</subfield><subfield code="b">H.H. Lusk,</subfield><subfield code="c">1894-1904.</subfield></datafield><datafield ind1=" " ind2=" " tag="300"><subfield code="a">10 v. :</subfield><subfield code="b">ill. ;</subfield><subfield code="c">60-65 cm.</subfield></datafield><datafield ind1=" " ind2=" " tag="310"><subfield code="a">Weekly</subfield></datafield><datafield ind1="0" ind2=" " tag="362"><subfield code="a">Vol. 18, no. 32 (May 10, 1894) ; v. 23, no. 33 (May 17, 1894)-v. 33, no. 11 (Apr. 28, 1904).</subfield></datafield><datafield ind1=" " ind2=" " tag="500"><subfield code="a">Published by Henry J. Allen, July 2, 1903-Apr. 29, 1904.</subfield></datafield><datafield ind1=" " ind2=" " tag="515"><subfield code="a">Numbering is irregular.</subfield></datafield><datafield ind1=" " ind2=" " tag="580"><subfield code="a">Also issued in a daily edition called: Parsons daily sun (Parsons, Kan. : 1880) May 10, 1894-Aug. 31, 1901; Sun (Parsons, Kan. : 1901) Sept. 1, 1901-Nov. 8, 1903; Parsons sun (Parsons, Kan. : 1903) Nov. 9, 1903-&lt;Apr. 28, 1904&gt;.</subfield></datafield><datafield ind1=" " ind2=" " tag="752"><subfield code="a">United States</subfield><subfield code="b">Kansas</subfield><subfield code="c">Labette</subfield><subfield code="d">Parsons.</subfield></datafield><datafield ind1="1" ind2=" " tag="775"><subfield code="t">Parsons daily sun (Parsons, Kan. : 1880)</subfield><subfield code="w">(DLC)sn 85031511</subfield><subfield code="w">(OCoLC)12276995</subfield></datafield><datafield ind1="1" ind2=" " tag="775"><subfield code="t">Sun (Parsons, Kan. : 1901)</subfield><subfield code="w">(DLC)sn 85031512</subfield><subfield code="w">(OCoLC)12277016</subfield></datafield><datafield ind1="1" ind2=" " tag="775"><subfield code="t">Parsons sun (Parsons, Kan. : 1903)</subfield><subfield code="w">(DLC)sn 85031513</subfield><subfield code="w">(OCoLC)12234198</subfield></datafield><datafield ind1="0" ind2="0" tag="780"><subfield code="t">Parsons sun (Parsons, Kan. : 1879)</subfield><subfield code="w">(DLC)sn 85031546</subfield><subfield code="w">(OCoLC)12277058</subfield></datafield><datafield ind1="0" ind2="0" tag="785"><subfield code="t">Parsons sun and semi-weekly herald</subfield><subfield code="w">(DLC)sn 85031548</subfield></datafield></record>